<record><leader>00000cas a2200000 a 4500</leader><controlfield tag="001">14971116</controlfield><controlfield tag="008">861215c19879999nyudr ne      0   f0ara c</controlfield><datafield ind1=" " ind2=" " tag="010"><subfield code="a">sn 86010776 </subfield></datafield><datafield ind1=" " ind2=" " tag="040"><subfield code="a">NSD</subfield><subfield code="b">eng</subfield><subfield code="c">NSD</subfield><subfield code="d">NST</subfield><subfield code="d">DLC</subfield><subfield code="d">CUI</subfield><subfield code="d">OCLCQ</subfield><subfield code="d">OCLCF</subfield><subfield code="d">OCLCO</subfield></datafield><datafield ind1=" " ind2=" " tag="012"><subfield code="i">9208</subfield><subfield code="k">1</subfield><subfield code="l">1</subfield><subfield code="m">1</subfield></datafield><datafield ind1=" " ind2=" " tag="019"><subfield code="a">990739100</subfield><subfield code="a">994447271</subfield></datafield><datafield ind1="0" ind2=" " tag="022"><subfield code="a">0891-673X</subfield><subfield code="l">0891-673X</subfield><subfield code="2">1</subfield></datafield><datafield ind1="1" ind2=" " tag="029"><subfield code="a">AU@</subfield><subfield code="b">000025785365</subfield></datafield><datafield ind1="1" ind2=" " tag="029"><subfield code="a">ZWZ</subfield><subfield code="b">036152560</subfield></datafield><datafield ind1=" " ind2=" " tag="032"><subfield code="a">001408</subfield><subfield code="b">USPS</subfield></datafield><datafield ind1=" " ind2=" " tag="037"><subfield code="b">Al Ahram International, 529 National Press Bldg., Suite 1258, Washington, DC 20045</subfield></datafield><datafield ind1=" " ind2=" " tag="042"><subfield code="a">nsdp</subfield><subfield code="a">pcc</subfield></datafield><datafield ind1=" " ind2=" " tag="043"><subfield code="a">n-us-ny</subfield></datafield><datafield ind1="1" ind2="4" tag="050"><subfield code="a">AN</subfield></datafield><datafield ind1="1" ind2="0" tag="082"><subfield code="a">079</subfield><subfield code="2">11</subfield></datafield><datafield ind1="0" ind2=" " tag="130"><subfield code="a">Ahra&#772;m (North America edition)</subfield></datafield><datafield ind1="0" ind2=" " tag="210"><subfield code="a">Ahra&#772;m</subfield><subfield code="b">(North Am. ed.)</subfield></datafield><datafield ind1=" " ind2="3" tag="222"><subfield code="a">al Ahra&#772;m</subfield><subfield code="b">(North America ed.)</subfield></datafield><datafield ind1="1" ind2="3" tag="245"><subfield code="a">al Ahra&#772;m.</subfield></datafield><datafield ind1="3" ind2="0" tag="246"><subfield code="a">Ahra&#772;m al-dawli&#772;</subfield></datafield><datafield ind1=" " ind2=" " tag="250"><subfield code="a">North America ed.</subfield></datafield><datafield ind1=" " ind2=" " tag="260"><subfield code="a">L.I.C. [i.e. Long Island City] NY :</subfield><subfield code="b">Al Ahram</subfield></datafield><datafield ind1=" " ind2=" " tag="300"><subfield code="a">v.</subfield></datafield><datafield ind1=" " ind2=" " tag="310"><subfield code="a">Daily</subfield></datafield><datafield ind1="1" ind2=" " tag="362"><subfield code="a">Began in 1987.</subfield></datafield><datafield ind1=" " ind2=" " tag="500"><subfield code="a">Principal content from al-Ahra&#772;m (transmitted from Cairo), with additional articles and advertising added for North American audiences.</subfield></datafield><datafield ind1=" " ind2=" " tag="500"><subfield code="a">In banner: "al-dawli&#772;."</subfield></datafield><datafield ind1=" " ind2=" " tag="515"><subfield code="a">Also carries the numbering of the parent newspaper.</subfield></datafield><datafield ind1=" " ind2=" " tag="546"><subfield code="a">In Arabic, with additional title in English.</subfield></datafield><datafield ind1=" " ind2=" " tag="580"><subfield code="a">Also issued in an International ed. printed in London.</subfield></datafield><datafield ind1=" " ind2=" " tag="588"><subfield code="a">Description based on: No. 15 (2 Fabra&#772;yir 1987).</subfield></datafield><datafield ind1=" " ind2="0" tag="650"><subfield code="a">Arabs</subfield><subfield code="z">North America</subfield><subfield code="v">Newspapers.</subfield></datafield><datafield ind1=" " ind2="0" tag="651"><subfield code="a">North America</subfield><subfield code="v">Newspapers.</subfield></datafield><datafield ind1=" " ind2="7" tag="655"><subfield code="a">Newspapers.</subfield><subfield code="2">fast</subfield><subfield code="0">(OCoLC)fst01423814</subfield></datafield><datafield ind1=" " ind2="7" tag="650"><subfield code="a">Arabs.</subfield><subfield code="2">fast</subfield><subfield code="0">(OCoLC)fst00812576</subfield></datafield><datafield ind1=" " ind2="7" tag="651"><subfield code="a">North America.</subfield><subfield code="2">fast</subfield><subfield code="0">(OCoLC)fst01242475</subfield></datafield><datafield ind1=" " ind2=" " tag="752"><subfield code="a">United States</subfield><subfield code="b">New York</subfield><subfield code="c">New York</subfield><subfield code="d">New York.</subfield></datafield><datafield ind1="1" ind2=" " tag="775"><subfield code="t">Ahra&#772;m</subfield><subfield code="w">(OCoLC)13164462</subfield></datafield><datafield ind1="1" ind2=" " tag="775"><subfield code="t">Ahra&#772;m (International edition)</subfield></datafield><datafield ind1=" " ind2=" " tag="850"><subfield code="a">IaU</subfield></datafield></record>